% Archivo de bibliografía de ejemplo
% Reemplaza estas entradas con tus referencias reales

@book{ejemplo2024,
  author = {Apellido, Nombre and Apellido2, Nombre2},
  title = {Título del Libro de Ejemplo},
  year = {2024},
  edition = {1},
  publisher = {Editorial Ejemplo},
  address = {Ciudad, País}
}

@article{ejemploarticulo2024,
  author = {Investigador, Principal},
  title = {Título del Artículo de Investigación},
  journal = {Revista Académica Ejemplo},
  volume = {15},
  number = {3},
  pages = {45-67},
  year = {2024}
}

@online{ejemploweb2024,
  author = {Organización Ejemplo},
  title = {Título del Recurso Web},
  year = {2024},
  url = {https://www.ejemplo.com},
  urldate = {2024-01-15}
}

@inproceedings{ejemploconferencia2024,
  author = {Autor, Conferencia},
  title = {Título de la Presentación},
  booktitle = {Proceedings of the Conference Example},
  year = {2024},
  pages = {123-130},
  address = {Ciudad de la Conferencia}
}

@thesis{ejemplotesis2024,
  author = {Estudiante, Graduado},
  title = {Título de la Tesis},
  type = {Tesis de Maestría},
  school = {Universidad Ejemplo},
  year = {2024},
  address = {Ciudad, País}
}
